<?xml version="1.0" encoding="UTF-8"?>
<record xmlns="http://www.loc.gov/MARC21/slim" xmlns:xsi="http://www.w3.org/2001/XMLSchema-instance" xsi:schemaLocation="http://www.loc.gov/MARC21/slim http://www.loc.gov/standards/marcxml/schema/MARC21slim.xsd">
<leader>     cam a2200265   4500</leader>
<controlfield tag="001">001679128</controlfield>
<controlfield tag="003">NNU</controlfield>
<controlfield tag="005">20001218212631.0</controlfield>
<controlfield tag="008">861105s1969    iq a     b    000 0 arax</controlfield>
<datafield tag="010" ind1=" " ind2=" ">
<subfield code="a">76962060</subfield>
</datafield>
<datafield tag="020" ind1=" " ind2=" ">
<subfield code="c">ID0.600</subfield>
</datafield>
<datafield tag="035" ind1="9" ind2=" ">
<subfield code="a">NYUb12222519</subfield>
</datafield>
<datafield tag="035" ind1=" " ind2=" ">
<subfield code="a">NNSZ01313780</subfield>
</datafield>
<datafield tag="035" ind1=" " ind2=" ">
<subfield code="a">(CStRLIN)NYPG013000050-B</subfield>
</datafield>
<datafield tag="040" ind1=" " ind2=" ">
<subfield code="c">NN</subfield>
<subfield code="d">NN</subfield>
</datafield>
<datafield tag="100" ind1="1" ind2=" ">
<subfield code="a">al-Jubūrī, Abū al-Yaqẓān ʻAṭīyah.</subfield>
</datafield>
<datafield tag="245" ind1="1" ind2="0">
<subfield code="a">Ḥukm al-mīrāth fī al-sharīʻah al-Islāmīyah,</subfield>
<subfield code="c">[taʼlīf] Abū al-Yaqẓān ʻAṭīyah al-Jubūrī.</subfield>
</datafield>
<datafield tag="250" ind1=" " ind2=" ">
<subfield code="a">[al-Ṭabʻah 1.]</subfield>
</datafield>
<datafield tag="260" ind1=" " ind2=" ">
<subfield code="a">Baghdād,</subfield>
<subfield code="b">Dār al-Nadhīr lil-Ṭibāʻah Wa-al-Nashr,</subfield>
<subfield code="c">1969.</subfield>
</datafield>
<datafield tag="300" ind1=" " ind2=" ">
<subfield code="a">139 [i.e. 239] p.</subfield>
<subfield code="b">illus.</subfield>
<subfield code="c">24 cm.</subfield>
</datafield>
<datafield tag="500" ind1=" " ind2=" ">
<subfield code="a">In Arabic.</subfield>
</datafield>
<datafield tag="504" ind1=" " ind2=" ">
<subfield code="a">Bibliography: p. 129 [i.e. 229]-230.</subfield>
</datafield>
<datafield tag="650" ind1=" " ind2="0">
<subfield code="a">Inheritance and succession (Islamic law)</subfield>
</datafield>
<datafield tag="OWN" ind1=" " ind2=" ">
<subfield code="a">GENERAL</subfield>
</datafield>
<datafield tag="950" ind1=" " ind2=" ">
<subfield code="l">BMAIN</subfield>
<subfield code="a">HB715</subfield>
<subfield code="b">.J8</subfield>
</datafield>
<datafield tag="955" ind1=" " ind2=" ">
<subfield code="l">BMAIN</subfield>
<subfield code="c">1</subfield>
<subfield code="r">028408857</subfield>
</datafield>
<datafield tag="998" ind1=" " ind2=" ">
<subfield code="s">9115</subfield>
</datafield>
<datafield tag="AVA" ind1=" " ind2=" ">
<subfield code="a">NYU50</subfield>
<subfield code="b">BOBST</subfield>
<subfield code="c">Main Collection</subfield>
<subfield code="d">HB715 .J8</subfield>
<subfield code="e">unavailable</subfield>
<subfield code="t">Unavailable</subfield>
<subfield code="f">1</subfield>
<subfield code="g">1</subfield>
<subfield code="h">N</subfield>
<subfield code="i">0</subfield>
<subfield code="j">MAIN</subfield>
<subfield code="k">0</subfield>
</datafield>
</record>
